@article{0004-637X-769-2-108,
  author={R. P. Breton and M. H. van Kerkwijk and M. S. E. Roberts and J. W. T. Hessels and F. Camilo and M. A. McLaughlin and S. M.
Ransom and P. S. Ray and I. H. Stairs},
  title={Discovery of the Optical Counterparts to Four Energetic Fermi Millisecond Pulsars},
  journal={The Astrophysical Journal},
  volume={769},
  number={2},
  pages={108},
  url={http://stacks.iop.org/0004-637X/769/i=2/a=108},
  year={2013}
}
@book{carroll2007introduction,
  title={An Introduction to Modern Astrophysics},
  author={Carroll, B.W. and Ostlie, D.A.},
  isbn={9780805304022},
  lccn={2006015391},
  url={https://books.google.com/books?id=M8wPAQAAMAAJ},
  year={2007},
  publisher={Pearson Addison-Wesley}
}
@book{hansen2004stellar,
  title={Stellar Interiors: Physical Principles, Structure, and Evolution},
  author={Hansen, C.J. and Kawaler, S.D. and Trimble, V.},
  isbn={9780387200897},
  lccn={2003056810},
  series={Astronomy and Astrophysics Library},
  url={https://books.google.com/books?id=NnBq7R0M4UgC},
  year={2004},
  publisher={Springer New York}
}
@article{advinrad,
title={Advances in Radiation Modeling in ALEGRA: A Final Report for LDRD-67120, Efficient Implicit Multigroup Radiation Calculations},
author={Brunner, T.A and Mehlhorn, T.A. and McClarren, R. and Holloway, J. P. and Kurecka, C. J.},
url={https://ntrl.ntis.gov/NTRL/dashboard/searchResults/titleDetail/DE2006876350.xhtml},
year = {2005}
}

@article{castroGray,
  author={W. Zhang and L. Howell and A. Almgren and A. Burrows and J. Bell},
  title={CASTRO: A New Compressible Astrophysical Solver. II. Gray Radiation Hydrodynamics},
  journal={The Astrophysical Journal Supplement Series},
  volume={196},
  number={2},
  pages={20},
  url={http://stacks.iop.org/0067-0049/196/i=2/a=20},
  year={2011},
  abstract={We describe the development of a flux-limited gray radiation solver for the compressible astrophysics code, CASTRO. CASTRO uses an Eulerian grid with block-structured adaptive mesh refinement based on a nested hierarchy of logically rectangular variable-sized grids with simultaneous refinement in both space and time. The gray radiation solver is based on a mixed-frame formulation of radiation hydrodynamics. In our approach, the system is split into two parts, one part that couples the radiation and fluid in a hyperbolic subsystem, and another parabolic part that evolves radiation diffusion and source-sink terms. The hyperbolic subsystem is solved explicitly with a high-order Godunov scheme, whereas the parabolic part is solved implicitly with a first-order backward Euler method.}
}